@article{abrahams1971Rutile,
  title = {Rutile: {{Normal Probability Plot Analysis}} and {{Accurate Measurement}} of {{Crystal Structure}}},
  shorttitle = {{{ルチルTiO2格子定数実験}}},
  author = {Abrahams, S. C. and Bernstein, J. L.},
  year = {1971},
  month = oct,
  journal = {J. Chem. Phys.},
  volume = {55},
  number = {7},
  pages = {3206--3211},
  publisher = {{American Institute of Physics}},
  issn = {0021-9606},
  doi = {10.1063/1.1676569},
  url = {https://aip.scitation.org/doi/10.1063/1.1676569},
  urldate = {2022-06-28},
  keywords = {experiment},
  annotation = {279 citations (Crossref) [2022-10-27]}
}

